@article{masud2012b,
  title={B-splines and NURBS based finite element methods for Kohn--Sham equations},
  author={Masud, Arif and Kannan, Raguraman},
  journal={Computer Methods in Applied Mechanics and Engineering},
  volume={241},
  pages={112--127},
  year={2012},
  publisher={Elsevier}
}

@article{haynes2006onetep,
  title={ONETEP: linear-scaling density-functional theory with local orbitals and plane waves},
  author={Haynes, Peter D and Skylaris, Chris-Kriton and Mostofi, Arash A and Payne, Mike C},
  journal={physica status solidi (b)},
  volume={243},
  number={11},
  pages={2489--2499},
  year={2006},
  publisher={Wiley Online Library}
}

@article{skylaris2005using,
  title={Using ONETEP for accurate and efficient$\backslash$ mathcal $\{$O$\}$(N) density functional calculations},
  author={Skylaris, Chris-Kriton and Haynes, Peter D and Mostofi, Arash A and Payne, Mike C},
  journal={Journal of Physics: Condensed Matter},
  volume={17},
  number={37},
  pages={5757},
  year={2005},
  publisher={IOP Publishing}
}

@article{arias1999multiresolution,
  title={Multiresolution analysis of electronic structure: semicardinal and wavelet bases},
  author={Arias, Tomas A},
  journal={Reviews of Modern Physics},
  volume={71},
  number={1},
  pages={267},
  year={1999},
  publisher={APS}
}

@article{cho1993wavelets,
  title={Wavelets in electronic structure calculations},
  author={Cho, K and Arias, TA and Joannopoulos, JD and Lam, Pui K},
  journal={Physical Review Letters},
  volume={71},
  number={12},
  pages={1808},
  year={1993},
  publisher={APS}
}


@article{genovese2008daubechies,
  title={Daubechies wavelets as a basis set for density functional pseudopotential calculations},
  author={Genovese, Luigi and Neelov, Alexey and Goedecker, Stefan and Deutsch, Thierry and Ghasemi, Seyed Alireza and Willand, Alexander and Caliste, Damien and Zilberberg, Oded and Rayson, Mark and Bergman, Anders and others},
  journal={The Journal of chemical physics},
  volume={129},
  number={1},
  pages={014109},
  year={2008},
  publisher={AIP Publishing}
}

@article{motamarri2012higher,
  title={Higher-order adaptive finite-element methods for orbital-free density functional theory},
  author={Motamarri, Phani and Iyer, Mrinal and Knap, Jaroslaw and Gavini, Vikram},
  journal={Journal of Computational Physics},
  volume={231},
  number={20},
  pages={6596--6621},
  year={2012},
  publisher={Elsevier}
}

@article{tsuchida1995electronic,
  title={Electronic-structure calculations based on the finite-element method},
  author={Tsuchida, Eiji and Tsukada, Masaru},
  journal={Physical Review B},
  volume={52},
  number={8},
  pages={5573},
  year={1995},
  publisher={APS}
}

@article{white1989finite,
  title={Finite-element method for electronic structure},
  author={White, Steven R and Wilkins, John W and Teter, Michael P},
  journal={Physical Review B},
  volume={39},
  number={9},
  pages={5819},
  year={1989},
  publisher={APS}
}


@article{chelikowsky1994finite,
  title={Finite-difference-pseudopotential method: electronic structure calculations without a basis},
  author={Chelikowsky, James R and Troullier, N and Saad, Y},
  journal={Physical review letters},
  volume={72},
  number={8},
  pages={1240},
  year={1994},
  publisher={APS}
}


@article{carter2008challenges,
  title={Challenges in modeling materials properties without experimental input},
  author={Carter, Emily A},
  journal={Science},
  volume={321},
  number={5890},
  pages={800--803},
  year={2008},
  publisher={American Association for the Advancement of Science}
}


@article{yang1991direct,
  title={Direct calculation of electron density in density-functional theory},
  author={Yang, Weitao},
  journal={Physical review letters},
  volume={66},
  number={11},
  pages={1438},
  year={1991},
  publisher={APS}
}


@article{enkovaara2010electronic,
  title={Electronic structure calculations with GPAW: a real-space implementation of the projector augmented-wave method},
  author={Enkovaara, J and Rostgaard, Carsten and Mortensen, Jens J{\o}rgen and Chen, Jingzhe and Du{\l}ak, M and Ferrighi, Lara and Gavnholt, Jeppe and Glinsvad, Christian and Haikola, V and Hansen, HA and others},
  journal={Journal of Physics: Condensed Matter},
  volume={22},
  number={25},
  pages={253202},
  year={2010},
  publisher={IOP Publishing}
}


@article{bottin2008large,
  title={Large-scale ab initio calculations based on three levels of parallelization},
  author={Bottin, Fran{\c{c}}ois and Leroux, St{\'e}phane and Knyazev, Andrew and Z{\'e}rah, Gilles},
  journal={Computational Materials Science},
  volume={42},
  number={2},
  pages={329--336},
  year={2008},
  publisher={Elsevier}
}


@article{probert2003improving,
  title={Improving the convergence of defect calculations in supercells: An ab initio study of the neutral silicon vacancy},
  author={Probert, MIJ and Payne, MC},
  journal={Physical Review B},
  volume={67},
  number={7},
  pages={075204},
  year={2003},
  publisher={APS}
}


@article{freysoldt2009fully,
  title={Fully ab initio finite-size corrections for charged-defect supercell calculations},
  author={Freysoldt, Christoph and Neugebauer, J{\"o}rg and Van de Walle, Chris G},
  journal={Physical review letters},
  volume={102},
  number={1},
  pages={016402},
  year={2009},
  publisher={APS}
}


@book{reimers2011computational,
  title={Computational methods for large systems: electronic structure approaches for biotechnology and nanotechnology},
  author={Reimers, Jeffrey R},
  year={2011},
  publisher={John Wiley \& Sons}
}


@book{leszczynski2012handbook,
  title={Handbook of computational chemistry},
  author={Leszczynski, Jerzy},
  volume={2},
  year={2012},
  publisher={Springer Science \& Business Media}
}


@article{hutter1994electronic,
  title={Electronic structure optimization in plane-wave-based density functional calculations by direct inversion in the iterative subspace},
  author={Hutter, J{\"u}rg and L{\"u}thi, Hans Peter and Parrinello, Michele},
  journal={Computational Materials Science},
  volume={2},
  number={2},
  pages={244--248},
  year={1994},
  publisher={Elsevier}
}


@article{parr1995density,
  title={Density-functional theory of the electronic structure of molecules},
  author={Parr, Robert G and Yang, Weitao},
  journal={Annual Review of Physical Chemistry},
  volume={46},
  number={1},
  pages={701--728},
  year={1995},
  publisher={Annual Reviews 4139 El Camino Way, PO Box 10139, Palo Alto, CA 94303-0139, USA}
}

@article{ziegler1991approximate,
  title={Approximate density functional theory as a practical tool in molecular energetics and dynamics},
  author={Ziegler, Tom},
  journal={Chemical Reviews},
  volume={91},
  number={5},
  pages={651--667},
  year={1991},
  publisher={ACS Publications}
}


@article{kohn1996density,
  title={Density functional theory of electronic structure},
  author={Kohn, Walter and Becke, Axel D and Parr, Robert G},
  journal={The Journal of Physical Chemistry},
  volume={100},
  number={31},
  pages={12974--12980},
  year={1996},
  publisher={ACS Publications}
}

@article{kaduk2011constrained,
  title={Constrained density functional theory},
  author={Kaduk, Benjamin and Kowalczyk, Tim and Van Voorhis, Troy},
  journal={Chemical reviews},
  volume={112},
  number={1},
  pages={321--370},
  year={2011},
  publisher={ACS Publications}
}


@article{banerjee2015spectral,
  title={A spectral scheme for Kohn--Sham density functional theory of clusters},
  author={Banerjee, Amartya S and Elliott, Ryan S and James, Richard D},
  journal={Journal of Computational Physics},
  volume={287},
  pages={226--253},
  year={2015},
  publisher={Elsevier}
}


@article{bahn2002object,
  title={An object-oriented scripting interface to a legacy electronic structure code},
  author={Bahn, Sune R and Jacobsen, Karsten W},
  journal={Computing in Science \& Engineering},
  volume={4},
  number={3},
  pages={56--66},
  year={2002},
  publisher={AIP Publishing}
}


@article{gygi2008architecture,
  title={Architecture of Qbox: A scalable first-principles molecular dynamics code},
  author={Gygi, Francois},
  journal={IBM Journal of Research and Development},
  volume={52},
  number={1.2},
  pages={137--144},
  year={2008},
  publisher={IBM}
}


@article{pfrommerparatec,
  title={PARATEC (PARAllel Total Energy Code)},
  author={Pfrommer, B and Raczkowski, D and Canning, A and Louie, SG},
  journal={Lawrence Berkeley National Laboratory,(with contributions from F. Mauri, M. Cote, Y. Yoon et al.)}
}


@article{CPMD,
  title={Ab initio molecular dynamics: Theory and implementation},
  author={Marx, Dominik and Hutter, Jurg},
  journal={Modern methods and algorithms of quantum chemistry},
  volume={1},
  pages={301--449},
  year={2000},
  publisher={NIC Series}
}


@article{Espresso,
	Author = {Paolo Giannozzi and Stefano Baroni and Nicola Bonini and Matteo Calandra and Roberto Car and Carlo Cavazzoni and Davide Ceresoli and Guido L Chiarotti and Matteo Cococcioni and Ismaila Dabo and Andrea {Dal Corso} and Stefano de Gironcoli and Stefano Fabris and Guido Fratesi and Ralph Gebauer and Uwe Gerstmann and Christos Gougoussis and Anton Kokalj and Michele Lazzeri and Layla Martin-Samos and Nicola Marzari and Francesco Mauri and Riccardo Mazzarello and Stefano Paolini and Alfredo Pasquarello and Lorenzo Paulatto and Carlo Sbraccia and Sandro Scandolo and Gabriele Sclauzero and Ari P Seitsonen and Alexander Smogunov and Paolo Umari and Renata M Wentzcovitch},
	Journal = {Journal of Physics: Condensed Matter},
	Number = {39},
	Pages = {395502 (19pp)},
	Title = {QUANTUM ESPRESSO: a modular and open-source software project for quantum simulations of materials},
	Url = {http://www.quantum-espresso.org},
	Volume = {21},
	Year = {2009}}


@article{burdick2003parallel,
  title={Parallel implementation of time-dependent density functional theory},
  author={Burdick, W Russell and Saad, Yousef and Kronik, Leeor and Vasiliev, Igor and Jain, Manish and Chelikowsky, James R},
  journal={Computer Physics Communications},
  volume={156},
  number={1},
  pages={22--42},
  year={2003},
  publisher={Elsevier}
}


@article{pratapa2015spectral,
  title={Spectral Quadrature method for accurate O (N) electronic structure calculations of metals and insulators},
  author={Pratapa, Phanisri P and Suryanarayana, Phanish and Pask, John E},
  journal={Computer Physics Communications},
  year={2015},
  publisher={Elsevier}
}

@article{suryanarayana2016alternating,
  title={Alternating Anderson-Richardson method: An efficient alternative to preconditioned Krylov methods for large, sparse linear systems},
  author={Suryanarayana, Phanish and Pratapa, Phanisri P and Pask, John E},
  journal={arXiv preprint arXiv:1606.08740},
  year={2016}
}

@article{pratapa2016anderson,
  title={Anderson acceleration of the Jacobi iterative method: An efficient alternative to Krylov methods for large, sparse linear systems},
  author={Pratapa, Phanisri P and Suryanarayana, Phanish and Pask, John E},
  journal={Journal of Computational Physics},
  volume={306},
  pages={43--54},
  year={2016},
  publisher={Elsevier}
}


@article{banerjee2015periodic,
  title={Periodic Pulay method for robust and efficient convergence acceleration of self-consistent field iterations},
  author={Banerjee, Amartya S and Suryanarayana, Phanish and Pask, John E},
  journal={Chemical Physics Letters},
  year={2016}
}


@article{pratapa2015restarted,
  title={Restarted Pulay mixing for efficient and robust acceleration of fixed-point iterations},
  author={Pratapa, Phanisri P and Suryanarayana, Phanish},
  journal={Chemical Physics Letters},
  volume={635},
  pages={69--74},
  year={2015},
  publisher={Elsevier}
}


@book{brazdova2013atomistic,
  title={Atomistic computer simulations: a practical guide},
  author={Br{\'a}zdov{\'a}, Veronika and Bowler, David R},
  year={2013},
  publisher={John Wiley \& Sons}
}


@book{hackbusch2013multi,
  title={Multi-grid methods and applications},
  author={Hackbusch, Wolfgang},
  volume={4},
  year={2013},
  publisher={Springer Science \& Business Media}
}


@article{BobSchChe15,
  title={{High order forces and nonlocal operators in a Kohn-Sham Hamiltonian}},
  author={N. Scott Bobbitt and Grady Schofield and Charles Lena and James R. Chelikowsky},
  journal={Phys. Chem. Chem. Phys.},
  volume={},
  number={},
  pages={},
  year={2015},
  note={DOI: 10.1039/c5cp02561c},
  doi={10.1039/c5cp02561c},
}

@Article{OnoHir99,
    author     = "T. Ono and K. Hirose",
    title      = "Timesaving double-grid method for real-space electronic-structure calculations",
    journal    = "Phys. Rev. Lett.",
    fjournal   = "PHYSICAL REVIEW LETTERS",
    volume     = "82",
    number     = "25",
    pages      = "5016-5019",
    year       = "1999",
}


@book{lanczos1950iteration,
  title={An iteration method for the solution of the eigenvalue problem of linear differential and integral operators},
  author={Lanczos, C.},
  year={1950},
  publisher={United States Government Press Office}
}


@article{paige1975solution,
  title={Solution of sparse indefinite systems of linear equations},
  author={Paige, Christopher C and Saunders, Michael A},
  journal={SIAM journal on numerical analysis},
  volume={12},
  number={4},
  pages={617--629},
  year={1975},
  publisher={SIAM}
}

@book{sathyanarayana2007vibrational,
  title={Vibrational spectroscopy: theory and applications},
  author={Sathyanarayana, Dixit N},
  year={2007},
  publisher={New Age International}
}

@article{foulkes1989tight,
  title={Tight-binding models and density-functional theory},
  author={Foulkes, W Matthew C and Haydock, Roger},
  journal={Physical review B},
  volume={39},
  number={17},
  pages={12520},
  year={1989},
  publisher={APS}
}


@article{harris1985simplified,
  title={Simplified method for calculating the energy of weakly interacting fragments},
  author={Harris, J},
  journal={Physical Review B},
  volume={31},
  number={4},
  pages={1770},
  year={1985},
  publisher={APS}
}


@book{slater1974self,
  title={The self-consistent field for molecules and solids},
  author={Slater, John Clarke},
  volume={4},
  year={1974},
  publisher={McGraw-Hill New York}
}


@book{watkins2004fundamentals,
  title={Fundamentals of matrix computations},
  author={Watkins, David S},
  volume={64},
  year={2004},
  publisher={John Wiley \& Sons}


@article{wolberg1988cubic,
  title={Cubic spline interpolation: a review},
  author={Wolberg, George},
  year={1988}
}


@article{knyazev2001toward,
  title={Toward the optimal preconditioned eigensolver: Locally optimal block preconditioned conjugate gradient method},
  author={Knyazev, Andrew V},
  journal={SIAM journal on scientific computing},
  volume={23},
  number={2},
  pages={517--541},
  year={2001},
  publisher={SIAM}
}


@article{zhou2014chebyshev,
  title={Chebyshev-filtered subspace iteration method free of sparse diagonalization for solving the Kohn--Sham equation},
  author={Zhou, Yunkai and Chelikowsky, James R and Saad, Yousef},
  journal={Journal of Computational Physics},
  volume={274},
  pages={770--782},
  year={2014},
  publisher={Elsevier}
}


@BOOK{laug,
      AUTHOR = {Anderson, E. and Bai, Z. and Bischof, C. and
                Blackford, S. and Demmel, J. and Dongarra, J. and
                Du Croz, J. and Greenbaum, A. and Hammarling, S. and
                McKenney, A. and Sorensen, D.},
      TITLE = {{LAPACK} Users' Guide},
      EDITION = {Third},
      PUBLISHER = {Society for Industrial and Applied Mathematics},
      YEAR = {1999},
      ADDRESS = {Philadelphia, PA},
      ISBN = {0-89871-447-8 (paperback)} }

What revisions have been made since the last release?



@article{francis1961qr,
  title={The QR transformation a unitary analogue to the LR transformation—Part 1},
  author={Francis, John GF},
  journal={The Computer Journal},
  volume={4},
  number={3},
  pages={265--271},
  year={1961},
  publisher={Br Computer Soc}
}



@article{zhou2006parallel,
  title={Parallel self-consistent-field calculations via Chebyshev-filtered subspace acceleration},
  author={Zhou, Y. and Saad, Y. and Tiago, M. L. and Chelikowsky, J. R.},
  journal={Physical Review E},
  volume={74},
  number={6},
  pages={066704},
  year={2006},
  publisher={APS}
}

@article{zhou2006self,
  title={Self-consistent-field calculations using Chebyshev-filtered subspace iteration},
  author={Zhou, Y. and Saad, Y. and Tiago, M. L. and Chelikowsky, J. R.},
  journal={Journal of Computational Physics},
  volume={219},
  number={1},
  pages={172--184},
  year={2006},
  publisher={Elsevier}
}

@article{Becke1992,
   author = "Becke, Axel D.",
   title = "Density‐functional thermochemistry. II. The effect of the Perdew–Wang generalized‐gradient correlation correction",
   journal = "The Journal of Chemical Physics",
   year = "1992",
   volume = "97",
   number = "12", 
   eid = ,
   pages = "9173-9177",
   url = "http://scitation.aip.org/content/aip/journal/jcp/97/12/10.1063/1.463343",
   doi = "http://dx.doi.org/10.1063/1.463343" 
}

@book{huber2013,
  title={Molecular spectra and molecular structure: IV. Constants of diatomic molecules},
  author={Huber, Klaus-Peter},
  year={2013},
  publisher={Springer Science \& Business Media}
}

@article{goedecker1998decay,
  title={Decay properties of the finite-temperature density matrix in metals},
  author={Goedecker, S},
  journal={Physical Review B},
  volume={58},
  number={7},
  pages={3501},
  year={1998},
  publisher={APS}
}


@misc{hirose2005first,
  title={First-Principles Claculations in Real-Space Formalism},
  author={Hirose, K and Ono, T and Fujimoto, Y and Tsukamoto, S},
  year={2005},
  publisher={Imperial College Press}
}


@article{goedecker1995tight,
  title={Tight-binding electronic-structure calculations and tight-binding molecular dynamics with localized orbitals},
  author={Goedecker, Stefan and Teter, M},
  journal={Physical Review B},
  volume={51},
  number={15},
  pages={9455},
  year={1995},
  publisher={APS}
}

@article{goedecker1994efficient,
  title={Efficient linear scaling algorithm for tight-binding molecular dynamics},
  author={Goedecker, Stefan and Colombo, L},
  journal={Physical review letters},
  volume={73},
  number={1},
  pages={122},
  year={1994},
  publisher={APS}
}


@article{kresse1993ab,
  title={Ab initio molecular dynamics for liquid metals},
  author={Kresse, Georg and Hafner, J{\"u}rgen},
  journal={Physical Review B},
  volume={47},
  number={1},
  pages={558},
  year={1993},
  publisher={APS}
}


@book{marx2009ab,
  title={Ab initio molecular dynamics: basic theory and advanced methods},
  author={Marx, Dominik and Hutter, J{\"u}rg},
  year={2009},
  publisher={Cambridge University Press}
}


@Article{HAYDOCK:1972p4639,
author = {R Haydock and V Heine and MJ Kelly}, 
journal = {J Phys C Solid State},
title = {Electronic-structure based on local atomic environment for tight-binding bands},
abstract = {},
number = {20},
pages = {2845--{\&}},
volume = {5},
year = {1972},
month = {Jan},
language = {English}
}

@Article{HAYDOCK:1975p4638,
author = {R Haydock and V Heine and MJ Kelly}, 
journal = {J Phys C Solid State},
title = {Electronic-structure based on local atomic environment for tight-binding bands: II},
abstract = {},
affiliation = {CAVENDISH LAB,MADINGLEY RD,CAMBRIDGE CB3 0HE,ENGLAND},
number = {16},
pages = {2591--2605},
volume = {8},
year = {1975},
month = {Jan},
language = {English}
}

@article{prodan2005nearsightedness,
  title={Nearsightedness of electronic matter},
  author={Prodan, Emil and Kohn, Walter},
  journal={Proceedings of the National Academy of Sciences of the United States of America},
  volume={102},
  number={33},
  pages={11635--11638},
  year={2005},
  publisher={National Acad Sciences}
}

@article{alemany2004real,
  title={Real-space pseudopotential method for computing the electronic properties of periodic systems},
  author={Alemany, MMG and Jain, Manish and Kronik, Leeor and Chelikowsky, James R},
  journal={Physical Review B},
  volume={69},
  number={7},
  pages={075101},
  year={2004},
  publisher={APS}
}


@article{perdew1992accurate,
  title={Accurate and simple analytic representation of the electron-gas correlation energy},
  author={Perdew, J. P and Wang, Y.},
  journal={Physical Review B},
  volume={45},
  number={23},
  pages={13244--13249},
  year={1992},
  publisher={APS}
}

@article{perdew1981,
  title = {Self-interaction correction to density-functional approximations for many-electron systems},
  author = {Perdew, J. P. and Zunger, A.},
  journal = {Physical Review B},
  volume = {23},
  issue = {10},
  pages = {5048--5079},
  year = {1981},
  publisher = {American Physical Society},
  doi = {10.1103/PhysRevB.23.5048},
  url = {http://link.aps.org/doi/10.1103/PhysRevB.23.5048}
}


@article{kleinman1982efficacious,
  title={Efficacious form for model pseudopotentials},
  author={Kleinman, Leonard and Bylander, DM},
  journal={Physical Review Letters},
  volume={48},
  number={20},
  pages={1425},
  year={1982},
  publisher={APS}
}


@article{ghosh2014higher,
  title={Higher-order finite-difference formulation of periodic Orbital-free Density Functional Theory},
  author={Ghosh, Swarnava and Suryanarayana, Phanish},
  journal={arXiv preprint arXiv:1412.8250},
  year={2014}
}



@article{perdew1986accurate,
  title={Accurate and simple density functional for the electronic exchange energy: Generalized gradient approximation},
  author={Perdew, John P and Yue, Wang},
  journal={Physical review B},
  volume={33},
  number={12},
  pages={8800},
  year={1986},
  publisher={APS}
}


@article{perdew1996generalized,
  title={Generalized gradient approximation made simple},
  author={Perdew, John P and Burke, Kieron and Ernzerhof, Matthias},
  journal={Physical review letters},
  volume={77},
  number={18},
  pages={3865},
  year={1996},
  publisher={APS}
}


@article{anantharaman2009existence,
  title={Existence of minimizers for Kohn--Sham models in quantum chemistry},
  author={Anantharaman, Arnaud and Canc{\`e}s, Eric},
  journal={Annales de l'Institut Henri Poincare (C) Non Linear Analysis},
  volume={26},
  number={6},
  pages={2425--2455},
  year={2009},
  organization={Elsevier}
}


@article{hung2009accurate,
  title={Accurate simulations of metals at the mesoscale: Explicit treatment of 1 million atoms with quantum mechanics},
  author={Hung, Linda and Carter, Emily A},
  journal={Chemical Physics Letters},
  volume={475},
  number={4},
  pages={163--170},
  year={2009},
  publisher={Elsevier}
}


@article{benzi2013decay,
  title={Decay properties of spectral projectors with applications to electronic structure},
  author={Benzi, Michele and Boito, Paola and Razouk, Nader},
  journal={SIAM Review},
  volume={55},
  number={1},
  pages={3--64},
  year={2013},
  publisher={SIAM}
}


@article{pickett1989pseudopotential,
  title={Pseudopotential methods in condensed matter applications},
  author={Pickett, Warren E},
  journal={Computer Physics Reports},
  volume={9},
  number={3},
  pages={115--197},
  year={1989},
  publisher={Elsevier}
}


@article{karasiev2014finite,
  title={Finite-temperature orbital-free DFT molecular dynamics: coupling Profess and Quantum Espresso},
  author={Karasiev, Valentin V and Sjostrom, Travis and Trickey, SB},
  journal={arXiv preprint arXiv:1406.0835},
  year={2014}
}


@article{sjostrom2014fast,
  title={Fast and accurate quantum molecular dynamics of dense plasmas across temperature regimes},
  author={Sjostrom, Travis and Daligault, J{\'e}r{\^o}me},
  journal={Physical Review Letters},
  volume={113},
  number={15},
  pages={155006},
  year={2014},
  publisher={APS}
}


@article{gillan1989calculation,
  title={Calculation of the vacancy formation energy in aluminium},
  author={Gillan, MJ},
  journal={Journal of Physics: Condensed Matter},
  volume={1},
  number={4},
  pages={689},
  year={1989},
  publisher={IOP Publishing}
}


@misc{priv:Vikram:2014,
author = "Vikram Gavini",
year = {2014}, 
howpublished = "The authors were exploring similar ideas when the approach was suggested in private communication.",
}

@book{gropp1999using,
  title={Using MPI: portable parallel programming with the message-passing interface},
  author={Gropp, William and Lusk, Ewing and Skjellum, Anthony},
  volume={1},
  year={1999},
  publisher={MIT press}
}


@article{teter1989solution,
  title={Solution of Schr{\"o}dinger's equation for large systems},
  author={Teter, Michael P and Payne, Michael C and Allan, Douglas C},
  journal={Physical Review B},
  volume={40},
  number={18},
  pages={12255},
  year={1989},
  publisher={APS}
}

@article{anderson1965iterative,
  title={Iterative procedures for nonlinear integral equations},
  author={Anderson, D. G.},
  journal={Journal of the ACM (JACM)},
  volume={12},
  number={4},
  pages={547--560},
  year={1965},
  publisher={ACM}
}


@book{golub2012matrix,
  title={Matrix computations},
  author={Golub, Gene H and Van Loan, Charles F},
  volume={3},
  year={2012},
  publisher={JHU Press}
}


@article{lin2013elliptic,
  title={Elliptic Preconditioner for Accelerating the Self-Consistent Field Iteration in Kohn--Sham Density Functional Theory},
  author={Lin, Lin and Yang, Chao},
  journal={SIAM Journal on Scientific Computing},
  volume={35},
  number={5},
  pages={S277--S298},
  year={2013},
  publisher={SIAM}
}


@article{fang2009two,
  title={Two classes of multisecant methods for nonlinear acceleration},
  author={Fang, Haw-ren and Saad, Yousef},
  journal={Numerical Linear Algebra with Applications},
  volume={16},
  number={3},
  pages={197--221},
  year={2009},
  publisher={Wiley Online Library}
}


@article{Suryanarayana2014524,
title = "Augmented Lagrangian formulation of orbital-free density functional theory ",
journal = "Journal of Computational Physics ",
volume = "275",
number = "0",
pages = "524 - 538",
year = "2014",
note = "",
issn = "0021-9991",
doi = "http://dx.doi.org/10.1016/j.jcp.2014.07.006",
author = "Phanish Suryanarayana and Deepa Phanish",
}

@article{hung2012preconditioners,
  title={Preconditioners and Electron Density Optimization in Orbital-Free Density Functional Theory},
  author={Hung, Linda and Huang, Chen and Carter, Emily A},
  journal={Communications in Computational Physics},
  volume={12},
  number={1},
  pages={135},
  year={2012}
}

@article{suryanarayana2013spectral,
  title={On spectral quadrature for linear-scaling Density Functional Theory},
  author={Suryanarayana, Phanish},
  journal={Chemical Physics Letters},
  volume={584},
  pages={182--187},
  year={2013},
  publisher={Elsevier}
}


@article{PhysRevB.23.5048,
  title = {Self-interaction correction to density-functional approximations for many-electron systems},
  author = {Perdew, J. P. and Zunger, Alex},
  journal = {Phys. Rev. B},
  volume = {23},
  issue = {10},
  pages = {5048--5079},
  numpages = {0},
  year = {1981},
  month = {May},
  publisher = {American Physical Society},
  doi = {10.1103/PhysRevB.23.5048},
  url = {http://link.aps.org/doi/10.1103/PhysRevB.23.5048}
}


@article{goodwin1990pseudopotential,
  title={A pseudopotential total energy study of impurity-promoted intergranular embrittlement},
  author={Goodwin, L and Needs, RJ and Heine, Volker},
  journal={Journal of Physics: Condensed Matter},
  volume={2},
  number={2},
  pages={351},
  year={1990},
  publisher={IOP Publishing}
}


@book{haberland1994clusters,
  title={Clusters of atoms and molecules},
  author={Haberland, Hellmut},
  volume={52},
  year={1994},
  publisher={Springer-Verlag Berlin}
}


@article{dennis1977quasi,
  title={Quasi-Newton methods, motivation and theory},
  author={Dennis, Jr, John E and Mor{\'e}, Jorge J},
  journal={SIAM review},
  volume={19},
  number={1},
  pages={46--89},
  year={1977},
  publisher={SIAM}
}


@article{saad1986gmres,
  title={GMRES: A generalized minimal residual algorithm for solving nonsymmetric linear systems},
  author={Saad, Youcef and Schultz, Martin H},
  journal={SIAM Journal on scientific and statistical computing},
  volume={7},
  number={3},
  pages={856--869},
  year={1986},
  publisher={SIAM}
}

@article{xia2012can,
  title={Can orbital-free density functional theory simulate molecules?},
  author={Xia, Junchao and Huang, Chen and Shin, Ilgyou and Carter, Emily A},
  journal={The Journal of chemical physics},
  volume={136},
  number={8},
  pages={084102},
  year={2012},
  publisher={AIP Publishing}
}

@article{zhou2005improving,
  title={Improving the orbital-free density functional theory description of covalent materials},
  author={Zhou, Baojing and Ligneres, Vincent L and Carter, Emily A},
  journal={The Journal of chemical physics},
  volume={122},
  number={4},
  pages={044103},
  year={2005},
  publisher={AIP Publishing}
}

@article{carling2003orbital,
  title={Orbital-free density functional theory calculations of the properties of Al, Mg and Al--Mg crystalline phases},
  author={Carling, Karin M and Carter, Emily A},
  journal={Modelling and Simulation in Materials Science and Engineering},
  volume={11},
  number={3},
  pages={339},
  year={2003},
  publisher={IOP Publishing}
}


@article{ho2007energetics,
  title={Energetics and kinetics of vacancy diffusion and aggregation in shocked aluminium via orbital-free density functional theory},
  author={Ho, Gregory and Ong, Mitchell T and Caspersen, Kyle J and Carter, Emily A},
  journal={Physical Chemistry Chemical Physics},
  volume={9},
  number={36},
  pages={4951--4966},
  year={2007},
  publisher={Royal Society of Chemistry}
}

@article{huang2008transferable,
  title={Transferable local pseudopotentials for magnesium, aluminum and silicon},
  author={Huang, Chen and Carter, Emily A},
  journal={Physical Chemistry Chemical Physics},
  volume={10},
  number={47},
  pages={7109--7120},
  year={2008},
  publisher={Royal Society of Chemistry}
}

@article{gonze2009abinit,
  title={ABINIT: First-principles approach to material and nanosystem properties},
  author={Gonze, Xavier and Amadon, B and Anglade, P-M and Beuken, J-M and Bottin, F and Boulanger, P and Bruneval, F and Caliste, D and Caracas, R and Cote, M and others},
  journal={Computer Physics Communications},
  volume={180},
  number={12},
  pages={2582--2615},
  year={2009},
  publisher={Elsevier}
}



@article{gonze2005brief,
  title={A brief introduction to the ABINIT software package},
  author={Gonze, Xavier},
  journal={Zeitschrift f{\"u}r Kristallographie},
  volume={220},
  number={5/6/2005},
  pages={558--562},
  year={2005}
}


@article{mazziotti1999spectral,
  title={Spectral difference methods for solving differential equations},
  author={Mazziotti, David A},
  journal={Chemical physics letters},
  volume={299},
  number={5},
  pages={473--480},
  year={1999},
  publisher={Elsevier}
}


@article{jordan2003spectral,
  title={Spectral differences in real-space electronic structure calculations},
  author={Jordan, DK and Mazziotti, DA},
  journal={The Journal of chemical physics},
  volume={120},
  number={2},
  pages={574--578},
  year={2003},
  publisher={AIP Publishing}
}


@book{press2007numerical,
  title={Numerical recipes 3rd edition: The art of scientific computing},
  author={Press, William H},
  year={2007},
  publisher={Cambridge university press}
}


@article{jiang2004conjugate,
  title={Conjugate-gradient optimization method for orbital-free density functional calculations},
  author={Jiang, Hong and Yang, Weitao},
  journal={The Journal of chemical physics},
  volume={121},
  number={5},
  pages={2030--2036},
  year={2004},
  publisher={AIP Publishing}
}


@article{payne1992iterative,
  title={Iterative minimization techniques for ab initio total-energy calculations: molecular dynamics and conjugate gradients},
  author={Payne, Mike C and Teter, Michael P and Allan, Douglas C and Arias, TA and Joannopoulos, JD},
  journal={Reviews of Modern Physics},
  volume={64},
  number={4},
  pages={1045--1097},
  year={1992}
}

@book{pfalzner2005many,
  title={Many-body tree methods in physics},
  author={Pfalzner, Susanne},
  year={2005},
  publisher={Cambridge University Press}
}

@article{Radhakrishnan2010,
  title = {Effect of cell size on the energetics of vacancies in aluminum studied via orbital-free density functional theory},
  author = {Radhakrishnan, Balachandran and Gavini, Vikram},
  journal = {Phys. Rev. B},
  volume = {82},
  issue = {9},
  pages = {094117},
  numpages = {5},
  year = {2010},
  month = {Sep},
  publisher = {American Physical Society},
  doi = {10.1103/PhysRevB.82.094117},
  url = {http://link.aps.org/doi/10.1103/PhysRevB.82.094117}
}


@article{Axelsson1985,
year={1985},
issn={0006-3835},
journal={BIT Numerical Mathematics},
volume={25},
number={1},
doi={10.1007/BF01934996},
title={A survey of preconditioned iterative methods for linear systems of algebraic equations},
url={http://dx.doi.org/10.1007/BF01934996},
publisher={Kluwer Academic Publishers},
author={Axelsson, O.},
pages={165-187},
language={English}
}

@article{Lieb1981b,
  title = {Thomas-fermi and related theories of atoms and molecules},
  author = {Lieb, Elliott H.},
  journal = {Rev. Mod. Phys.},
  volume = {53},
  issue = {4},
  pages = {603--641},
  year = {1981},
  month = {Oct},
  doi = {10.1103/RevModPhys.53.603},
  url = {http://link.aps.org/doi/10.1103/RevModPhys.53.603},
  publisher = {American Physical Society}
}

@article{Teter1992,
  title = {Kinetic-energy functional of the electron density},
  author = {Wang, Lin-Wang and Teter, Michael P.},
  journal = {Phys. Rev. B},
  volume = {45},
  issue = {23},
  pages = {13196--13220},
  year = {1992},
  month = {Jun},
  doi = {10.1103/PhysRevB.45.13196},
  url = {http://link.aps.org/doi/10.1103/PhysRevB.45.13196},
  publisher = {American Physical Society}
}

@article{Weizsacker1935,
year={1935},
issn={0044-3328},
journal={Zeitschrift fur Physik},
volume={96},
number={7-8},
doi={10.1007/BF01337700},
title={Zur Theorie der Kernmassen},
url={http://dx.doi.org/10.1007/BF01337700},
publisher={Springer-Verlag},
author={Weizsacker, C.F.v.},
pages={431-458},
language={German}
}

@article{Fermi1927,
author = {E. Fermi},
title = {Un metodo statistice per la determinazione di alcune propieta dellatomo},
journal = {Rend. Accad. Nazl. Lincei},
volume = {6},
year = {1927},
pages = {602--607},
}


@article{Thomas1927,
author = {Thomas,L. H.},
title = {The calculation of atomic fields},
journal = {Mathematical Proceedings of the Cambridge Philosophical Society},
volume = {23},
issue = {05},
month = {1},
year = {1927},
issn = {1469-8064},
pages = {542--548},
numpages = {7},
doi = {10.1017/S0305004100011683},
}

@article{Blanc2005,
author = {X. Blanc and E. Cances},
collaboration = {},
title = {Nonlinear instability of density-independent orbital-free kinetic-energy functionals},
publisher = {AIP},
year = {2005},
journal = {The Journal of Chemical Physics},
volume = {122},
number = {21},
eid = {214106},
numpages = {4},
pages = {214106},
keywords = {Thomas-Fermi model; electronic density of states},
doi = {10.1063/1.1924595}
}

@article{Lieb1981,
year={1981},
issn={0010-3616},
journal={Communications in Mathematical Physics},
volume={79},
number={2},
doi={10.1007/BF01942059},
title={The Thomas-Fermi-von WeizsÃ€cker theory of atoms and molecules},
publisher={Springer-Verlag},
author={Benguria, Rafael and Brezis, Haim and Lieb, ElliottH.},
pages={167-180},
language={English}
}

@article{Cances2012,
Author = {Cances, E and Chakir, R and Maday, Y},
ISSN = {0764583X},
Journal = {ESAIM-Mathematical Modelling and Numerical Analysis-Modelisation Mathematique et Analyse Numerique},
Keywords = {Electronic structure calculation, density functional theory, Thomas-Fermi-von Weizsacker model, Kohn-Sham model, nonlinear eigenvalue problem, spectral methods, MATHEMATICS, APPLIED},
Number = {2},
Pages = {341 - 388},
Title = {NUMERICAL ANALYSIS OF THE PLANEWAVE DISCRETIZATION OF SOME ORBITAL-FREE AND KOHN-SHAM MODELS.},
Volume = {46},
Year = {2012},
}

@article{Cooley1965,
author = {J.W. Cooley and J.W. Tukey},
ISSN = {00255718},
Journal = {Mathematics of Computation},
Number = {90},
Pages = {297},
Title = {An Algorithm for the Machine Calculation of Complex Fourier Series.},
Volume = {19},
Year = {1965},
}

@article{Cances2008,
  author={Eric Cances and C Le Bris and P-L Lions},
  title={Molecular simulation and related topics: some open mathematical problems},
  journal={Nonlinearity},
  volume={21},
  number={9},
  pages={T165},
  year={2008},
}

@article{ONETEP,
author = {Chris-Kriton Skylaris and Peter D. Haynes and Arash A. Mostofi and Mike C. Payne},
title = {Introducing {ONETEP}: Linear-scaling density functional simulations on parallel computers},
publisher = {AIP},
year = {2005},
journal = {The Journal of Chemical Physics},
volume = {122},
number = {8},
eid = {084119},
numpages = {10},
pages = {084119},
keywords = {density functional theory; pseudopotential methods; energy gap; atomic structure; optimisation},
doi = {10.1063/1.1839852}
}

@article{Phanish2012Purification,
title = "Optimized purification for density matrix calculation",
journal = "Chemical Physics Letters",
volume = "555",
number = "0",
pages = "291 - 295",
year = "2013",
note = "",
issn = "0009-2614",
doi = "10.1016/j.cplett.2012.10.090",
author = "Phanish Suryanarayana"
}

@Article{Car,
  title = {Orbital formulation for electronic-structure calculations with linear system-size scaling},
  author = {Mauri, Francesco  and Galli, Giulia  and Car, Roberto },
  journal = {Phys. Rev. B},
  volume = {47},
  number = {15},
  pages = {9973--9976},
  numpages = {3},
  year = {1993},
  month = {Apr},
  doi = {10.1103/PhysRevB.47.9973},
  publisher = {American Physical Society}
}

@Article{Parrinello1992,
  title = {Large scale electronic structure calculations},
  author = {Galli, Giulia  and Parrinello, Michele },
  journal = {Phys. Rev. Lett.},
  volume = {69},
  number = {24},
  pages = {3547--3550},
  numpages = {3},
  year = {1992},
  month = {Dec},
  doi = {10.1103/PhysRevLett.69.3547},
  publisher = {American Physical Society}
}

@article{Weinan2009,
author = {C. J. Garcia-Cervera and Jianfeng Lu and Yulin Xuan and Weinan E},
collaboration = {},
title = {{Linear-scaling subspace-iteration algorithm with optimally localized nonorthogonal wave functions for Kohn-Sham density functional theory}},
publisher = {APS},
year = {2009},
journal = {Physical Review B (Condensed Matter and Materials Physics)},
volume = {79},
number = {11},
eid = {115110},
numpages = {13},
pages = {115110},
keywords = {density functional theory; electron density; iterative methods; organic compounds; wave functions},
doi = {10.1103/PhysRevB.79.115110}
}

@article{Kohn1996linear,
  author = {Kohn, W.},
  volume = {76},
  journal = {Phys. Rev. Lett.},
  month = {Apr},
  title = {Density Functional and Density Matrix Method Scaling Linearly with the Number of Atoms},
  year = {1996},
  doi = {10.1103/PhysRevLett.76.3168},
  issue = {17},
  publisher = {American Physical Society},
  pages = {3168--3171}
}

@article{Daw1993,
  author = {Daw, Murray S.},
  volume = {47},
  journal = {Phys. Rev. B},
  month = {Apr},
  title = {Model for energetics of solids based on the density matrix},
  year = {1993},
  doi = {10.1103/PhysRevB.47.10895},
  issue = {16},
  publisher = {American Physical Society},
  pages = {10895--10898}
}

@article{Li1993,
  author = {Li, X.-P. and Nunes, R. W. and Vanderbilt, David},
  volume = {47},
  journal = {Phys. Rev. B},
  month = {Apr},
  title = {Density-matrix electronic-structure method with linear system-size scaling},
  year = {1993},
  doi = {10.1103/PhysRevB.47.10891},
  issue = {16},
  publisher = {American Physical Society},
  pages = {10891--10894}
}

@article{SIESTA,
  author={Jose M Soler and Emilio Artacho and Julian D Gale and Alberto Garcia and Javier Junquera and Pablo Ordejon and Daniel
Sanchez-Portal},
  title={The SIESTA method for ab initio order- N materials simulation},
  journal={Journal of Physics: Condensed Matter},
  volume={14},
  number={11},
  pages={2745},
  year={2002},
}

@article {CONQUEST,
author = {Bowler, D. R. and Choudhury, R. and Gillan, M. J. and Miyazaki, T.},
title = {Recent progress with large-scale ab initio calculations: the CONQUEST code},
journal = {physica status solidi (b)},
volume = {243},
number = {5},
publisher = {WILEY-VCH Verlag},
issn = {1521-3951},
url = {http://dx.doi.org/10.1002/pssb.200541386},
doi = {10.1002/pssb.200541386},
pages = {989--1000},
keywords = {31.15.Ew, 71.15.Mb},
year = {2006},
}

@article{OCTOPUS,
Author = {Castro, Alberto and Appel, Heiko and Oliveira, Micael and Rozzi, Carlo
   A. and Andrade, Xavier and Lorenzen, Florian and Marques, M. A. L. and
   Gross, E. K. U. and Rubio, Angel},
Title = {{octopus: a tool for the application of time-dependent density
   functional theory}},
Journal = {{Physica Status Solidi B-Basic Solid State Physics}},
Year = {{2006}},
Volume = {{243}},
Number = {{11}},
Pages = {{2465-2488}},
DOI = {{10.1002/pssb.200642067}},
ISSN = {{0370-1972}},
Unique-ID = {{ISI:000240521100009}},
}

@article {ABINIT,
	author = "X. Gonze and J. -M. Beuken and R. Caracas and F. Detraux and M. Fuchs and G. -M. Rignanese and L. Sindic and M. Verstraete and G. Zerah and F. Jollet and M. Torrent and A. Roy and M. Mikami and Ph. Ghosez and J. -Y. Raty and D. C. Allan",
	title = "First-principles computation of material properties: the ABINIT software project",
	journal = "Computational Materials Science",
	volume = "25",
	year = "2002",
	pages = "478-492(15)",
	doi = "doi:10.1016/S0927-0256(02)00325-7"
}

@article{CASTEP,
  author={M D Segall and Philip J D Lindan and M J Probert and C J Pickard and P J Hasnip and S J Clark and M C Payne},
  title={First-principles simulation: ideas, illustrations and the {CASTEP} code},
  journal={Journal of Physics: Condensed Matter},
  volume={14},
  number={11},
  pages={2717-2744},
  year={2002}
}

@article{DFT++,
title = "New algebraic formulation of density functional calculation",
journal = "Computer Physics Communications",
volume = "128",
number = "1-2",
pages = "1 - 45",
year = "2000",
note = "",
issn = "0010-4655",
doi = "DOI: 10.1016/S0010-4655(00)00072-2",
author = "Sohrab Ismail-Beigi and T. A. Arias"
}

@Article{Sterne,
  title = {Real-space local polynomial basis for solid-state electronic-structure calculations: A finite-element approach},
  author = {Pask, J. E. and Klein, B. M. and Fong, C. Y. and Sterne, P. A.},
  journal = {Physical Review B},
  volume = {59},
  number = {19},
  pages = {12352--12358},
  numpages = {6},
  year = {1999},
  doi = {10.1103/PhysRevB.59.12352},
  publisher = {American Physical Society}
}

@Article{VASP,
  title = {Efficient iterative schemes for ab initio total-energy calculations using a plane-wave basis set},
  author = {Kresse, G.  and Furthm\"uller, J. },
  journal = {Physical Review B},
  volume = {54},
  number = {16},
  pages = {11169--11186},
  numpages = {17},
  year = {1996},
  doi = {10.1103/PhysRevB.54.11169},
  publisher = {American Physical Society}
}

@article{Phanish2011,
title = "A mesh-free convex approximation scheme for Kohn-Sham density functional theory",
journal = "Journal of Computational Physics",
volume = "230",
number = "13",
pages = "5226 - 5238",
year = "2011",
note = "",
issn = "0021-9991",
doi = "DOI: 10.1016/j.jcp.2011.03.018",
author = "Phanish Suryanarayana and Kaushik Bhattacharya and Michael Ortiz",
}

@Article{Troullier,
  title = {Efficient pseudopotentials for plane-wave calculations},
  author = {Troullier, N.  and Martins, J. L.},
  journal = {Physical Review B},
  volume = {43},
  number = {3},
  pages = {1993--2006},
  numpages = {13},
  year = {1991},
  doi = {10.1103/PhysRevB.43.1993},
  publisher = {American Physical Society}
}


@article{Weeks2007,
  title = {Orbital-free density functional theory: Kinetic potentials and \textit{ab initio} local pseudopotentials},
  author = {Chai, Jeng-Da and Weeks, John D.},
  journal = {Phys. Rev. B},
  volume = {75},
  issue = {20},
  pages = {205122},
  numpages = {14},
  year = {2007},
  month = {May},
  doi = {10.1103/PhysRevB.75.205122},
  publisher = {American Physical Society}
}

@article{Jiang2004,
author = {Hong Jiang and Weitao Yang},
collaboration = {},
title = {Conjugate-gradient optimization method for orbital-free density functional calculations},
publisher = {AIP},
year = {2004},
journal = {The Journal of Chemical Physics},
volume = {121},
number = {5},
pages = {2030-2036},
doi = {10.1063/1.1768163}
}

@article{Zhou2005,
author = {Baojing Zhou and Vincent L. Ligneres and Emily A. Carter},
collaboration = {},
title = {Improving the orbital-free density functional theory description of covalent materials},
publisher = {AIP},
year = {2005},
journal = {The Journal of Chemical Physics},
volume = {122},
number = {4},
eid = {044103},
numpages = {10},
pages = {044103},
doi = {10.1063/1.1834563}
}

@incollection{WangBook2002,
year={2002},
isbn={978-0-7923-6687-4},
booktitle={Theoretical Methods in Condensed Phase Chemistry},
volume={5},
series={Progress in Theoretical Chemistry and Physics},
editor={Schwartz, Steven D.},
doi={10.1007/0-306-46949-9_5},
title={Orbital-Free Kinetic-Energy Density Functional Theory},
publisher={Springer Netherlands},
author={Wang, Yan Alexander and Carter, Emily A.},
pages={117-184}
}

@article{Bowler2012,
  author={D R Bowler and T Miyazaki},
  title= {{\mathcal{O}(N)} methods in electronic structure calculations},
  journal={Reports on Progress in Physics},
  volume={75},
  number={3},
  pages={036503},
  year={2012}
}

@Article{Goedecker,
  title = {Linear scaling electronic structure methods},
  author = {Goedecker, Stefan },
  journal = {Rev. Mod. Phys.},
  volume = {71},
  number = {4},
  pages = {1085--1123},
  numpages = {38},
  year = {1999},
  month = {Jul},
  doi = {10.1103/RevModPhys.71.1085},
  publisher = {American Physical Society}
}

@Article{Ahlrichs1999,
author ="Ahlrichs, Reinhart and D. Elliott, Simon",
title  ="Clusters of aluminium{,} a density functional study",
journal  ="Phys. Chem. Chem. Phys.",
year  ="1999",
volume  ="1",
issue  ="1",
pages  ="13-21",
publisher  ="The Royal Society of Chemistry",
doi  ="10.1039/A807713D"
}

@TechReport{Petsc1,
Author = "Satish Balay and Jed Brown and and Kris Buschelman and Victor Eijkhout and William D.  Gropp and Dinesh Kaushik and Matthew G. Knepley and Lois Curfman McInnes and Barry F. Smith and Hong Zhang",
Title = "{PETS}c Users Manual",
Number = "ANL-95/11 - Revision 3.4",
Institution = "Argonne National Laboratory",
Year = "2013"
}

@InProceedings{Petsc2,
Author = "Satish Balay and William D. Gropp and Lois Curfman McInnes and Barry F.  Smith",
Title = "Efficient Management of Parallelism in Object Oriented Numerical Software Libraries",
Booktitle = "Modern Software Tools in Scientific Computing",
Editor = "E. Arge and A. M. Bruaset and H. P. Langtangen",
Pages = "163--202",
Publisher = "Birkh{\"{a}}user Press",
Year = "1997"
}

@BOOK{Martin2004,
   author = "Martin, Richard",
   title = "Electronic Structure: Basic theory and practical methods",
   publisher = "Cambridge University Press",
   year = 2004
}

@BOOK{NumAnalysis2003,
   author = "Ciarlet, P.G. and Lions, J.L. and Le Bris, C.",
   title= "Handbook of Numerical Analysis : Special Volume: Computational Chemistry (Vol X)",
   publisher = "North-Holland",
   year = "2003"
   }

@article{Hung2010,
title = "Introducing \{PROFESS\} 2.0: A parallelized, fully linear scaling program for orbital-free density functional theory calculations ",
journal = "Computer Physics Communications ",
volume = "181",
number = "12",
pages = "2208 - 2209",
year = "2010",
note = "",
issn = "0010-4655",
doi = "http://dx.doi.org/10.1016/j.cpc.2010.09.001",
author = "Linda Hung and Chen Huang and Ilgyou Shin and Gregory S. Ho and Vincent L. Ligneres and Emily A. Carter",
}

@article{Ho2008,
title = "Introducing PROFESS: A new program for orbital-free density functional theory calculations ",
journal = "Computer Physics Communications ",
volume = "179",
number = "11",
pages = "839 - 854",
year = "2008",
note = "",
issn = "0010-4655",
doi = "http://dx.doi.org/10.1016/j.cpc.2008.07.002",
author = "Gregory S. Ho and Vincent L. Ligneres and Emily A. Carter",
}

@article{Pask2005,
  title = {Real-space formulation of the electrostatic potential and total energy of solids},
  author = {Pask, J. E. and Sterne, P. A.},
  journal = {Phys. Rev. B},
  volume = {71},
  issue = {11},
  pages = {113101},
  numpages = {4},
  year = {2005},
  month = {Mar},
  doi = {10.1103/PhysRevB.71.113101},
  publisher = {American Physical Society}
}

@article{Pask2012,
	author  = {J. E. Pask and N. Sukumar and S. E. Mousavi},
	title   = {LINEAR SCALING SOLUTION OF THE ALL-ELECTRON COULOMB PROBLEM IN SOLIDS},
	journal = {International Journal for Multiscale Computational Engineering},
	issn    = {1543-1649},
	year    = {2012},
	volume  = {10},
	number  = {1},
	pages   = {83--99}
}


@BOOK{Parr1989,
   author = "Parr, R.G. and Yang, W.",
   title= "Density-functional theory of atoms and molecules",
   publisher = "Oxford University Press",
   year = 1989
}

@article{Wang1998,
  title = {Orbital-free kinetic-energy functionals for the nearly free electron gas},
  author = {Wang, Yan Alexander and Govind, Niranjan and Carter, Emily A.},
  journal = {Phys. Rev. B},
  volume = {58},
  issue = {20},
  pages = {13465--13471},
  year = {1998},
  month = {Nov},
  doi = {10.1103/PhysRevB.58.13465},
  publisher = {American Physical Society}
}

@article{Wang1999,
  title = {Orbital-free kinetic-energy density functionals with a density-dependent kernel},
  author = {Wang, Yan Alexander and Govind, Niranjan and Carter, Emily A.},
  journal = {Phys. Rev. B},
  volume = {60},
  issue = {24},
  pages = {16350--16358},
  year = {1999},
  month = {Dec},
  doi = {10.1103/PhysRevB.60.16350},
  publisher = {American Physical Society}
}

@Article{Kohn1965,
  title = {Self-Consistent Equations Including Exchange and Correlation Effects},
  author = {Kohn, W.  and Sham, L. J.},
  journal = {Physical Review},
  volume = {140},
  number = {4A},
  pages = {A1133--A1138},
  numpages = {5},
  year = {1965},
  doi = {10.1103/PhysRev.140.A1133},
  publisher = {American Physical Society}
}

@Article{Hohenberg,
  title = {Inhomogeneous Electron Gas},
  author = {Hohenberg, P.  and Kohn, W. },
  journal = {Physical Review},
  volume = {136},
  number = {3B},
  pages = {B864--B871},
  numpages = {7},
  year = {1964},
  doi = {10.1103/PhysRev.136.B864},
  publisher = {American Physical Society}
}

@article{Ceperley1980,
  title = {Ground State of the Electron Gas by a Stochastic Method},
  author = {Ceperley, D. M. and Alder, B. J.},
  journal = {Physical Review Letters},
  volume = {45},
  issue = {7},
  pages = {566--569},
  year = {1980},
  doi = {10.1103/PhysRevLett.45.566},
  publisher = {American Physical Society}
}

@article{Garcia2007,
Author = {Garcia-Cervera, Carlos J.},
Title = {{An efficient real space method for Orbital-Free Density-Functional
   Theory}},
Journal = {{Communications in Computational Physics}},
Year = {{2007}},
Volume = {{2}},
Number = {{2}},
Pages = {{334-357}},
Month = {{APR}},
Publisher = {{GLOBAL SCIENCE PRESS}},
Type = {{Article}},
Language = {{English}},
Affiliation = {{Garcia-Cervera, CJ (Reprint Author), Univ Calif Santa Barbara, Dept Math, Santa Barbara, CA 93106 USA.
   Univ Calif Santa Barbara, Dept Math, Santa Barbara, CA 93106 USA.}},
Journal-ISO = {{Commun. Comput. Phys.}},
Doc-Delivery-Number = {{150HN}},
Unique-ID = {{ISI:000245206500008}},
}

@BOOK{Finnis2003,
   author = "Finnis, M.",
   title= "Interatomic forces in condensed matter",
   publisher = "Oxford University Press",
   year = 2003
   }


@article{GaviniQC2007,
title = "Quasi-continuum orbital-free density-functional theory: A route to multi-million atom non-periodic \{DFT\} calculation ",
journal = "Journal of the Mechanics and Physics of Solids ",
volume = "55",
number = "4",
pages = "697 - 718",
year = "2007",
note = "",
issn = "0022-5096",
doi = "http://dx.doi.org/10.1016/j.jmps.2007.01.012",
author = "Vikram Gavini and Kaushik Bhattacharya and Michael Ortiz",
}



@article{Alemany2004,
  title = {Real-space pseudopotential method for computing the electronic properties of periodic systems},
  author = {Alemany, M. M. G. and Jain, Manish and Kronik, Leeor and Chelikowsky, James R.},
  journal = {Phys. Rev. B},
  volume = {69},
  issue = {7},
  pages = {075101},
  numpages = {6},
  year = {2004},
  month = {Feb},
  doi = {10.1103/PhysRevB.69.075101},
  publisher = {American Physical Society}
}

@Article{PARSEC,
  title = {Finite-difference-pseudopotential method: Electronic structure calculations without a basis},
  author = {Chelikowsky, James R. and Troullier, N.  and Saad, Y. },
  journal = {Physical Review Letters},
  volume = {72},
  number = {8},
  pages = {1240--1243},
  numpages = {3},
  year = {1994},
  doi = {10.1103/PhysRevLett.72.1240},
  publisher = {American Physical Society}
}

@article{Choly2002,
title = "Kinetic energy density functionals for non-periodic systems ",
journal = "Solid State Communications ",
volume = "121",
number = "5",
pages = "281 - 286",
year = "2002",
note = "",
issn = "0038-1098",
doi = "10.1016/S0038-1098(01)00500-2",
author = "Nicholas Choly and Efthimios Kaxiras",
}

@article{Motamarri2012,
title = "Higher-order adaptive finite-element methods for orbital-free density functional theory ",
journal = "Journal of Computational Physics ",
volume = "231",
number = "20",
pages = "6596 - 6621",
year = "2012",
note = "",
issn = "0021-9991",
doi = "10.1016/j.jcp.2012.04.036",
author = "Phani Motamarri and Mrinal Iyer and Jaroslaw Knap and Vikram Gavini",
}

@article{Phanish2010,
title = "Non-periodic finite-element formulation of Kohn-Sham density functional theory",
journal = "Journal of the Mechanics and Physics of Solids",
volume = "58",
number = "2",
pages = "256 - 280",
year = "2010",
note = "",
issn = "0022-5096",
doi = "DOI: 10.1016/j.jmps.2009.10.002",
author = "Phanish Suryanarayana and Vikram Gavini and Thomas Blesgen and Kaushik Bhattacharya and Michael Ortiz",
}

@article{Gavini2007,
title = "Non-periodic finite-element formulation of orbital-free density functional theory ",
journal = "Journal of the Mechanics and Physics of Solids ",
volume = "55",
number = "4",
pages = "669 - 696",
year = "2007",
note = "",
issn = "0022-5096",
doi = "10.1016/j.jmps.2006.09.011",
author = "Vikram Gavini and Jaroslaw Knap and Kaushik Bhattacharya and Michael Ortiz",
}

@article{Phanish2012,
title = "Coarse-graining Kohn-Sham Density Functional Theory ",
journal = "Journal of the Mechanics and Physics of Solids ",
volume = "61",
number = "1",
pages = "38 - 60",
year = "2013",
note = "",
issn = "0022-5096",
doi = "10.1016/j.jmps.2012.09.002",
author = "Phanish Suryanarayana and Kaushik Bhattacharya and Michael Ortiz",
}


@BOOK{Nocedal2006,
   author = "Nocedal, J. and Wright, S.",
   title= "Numerical Optimization",
   publisher = "Springer",
   year = "2006",
   }


@BOOK{LeVeque2007,
   author = "Randall LeVeque",
   title= "Finite Difference Methods for Ordinary and Partial Differential Equations: Steady-state and Time-Dependent Problems",
   publisher = "SIAM",
   year = "2007"
   }

@misc{Shewchuk1994,
  title={An introduction to the conjugate gradient method without the agonizing pain},
  author={Shewchuk, Jonathan Richard},
  year={1994},
  publisher={Carnegie Mellon University, Pittsburgh, PA}
}


@article{Boyd1991,
title = "Sum-accelerated pseudospectral methods: the Euler-accelerated sinc algorithm ",
journal = "Applied Numerical Mathematics ",
volume = "7",
number = "4",
pages = "287 - 296",
year = "1991",
note = "",
issn = "0168-9274",
doi = "10.1016/0168-9274(91)90065-8",
author = "John P. Boyd"
}

@article{Burdick2003,
title = "Parallel implementation of time-dependent density functional theory ",
journal = "Computer Physics Communications ",
volume = "156",
number = "1",
pages = "22 - 42",
year = "2003",
note = "",
issn = "0010-4655",
doi = "10.1016/S0010-4655(03)00413-2",
author = "W.Russell Burdick and Yousef Saad and Leeor Kronik and Igor Vasiliev and Manish Jain and James R. Chelikowsky"
}

@article{Goodwin1990,
  author={L Goodwin and R J Needs and V Heine},
  title={A pseudopotential total energy study of impurity-promoted intergranular embrittlement},
  journal={Journal of Physics: Condensed Matter},
  volume={2},
  number={2},
  pages={351},
  year={1990},
}


@article{Suryanarayana2014,
title = "Augmented Lagrangian formulation of orbital-free density functional theory ",
journal = "Journal of Computational Physics ",
volume = "275",
number = "0",
pages = "524 - 538",
year = "2014",
note = "",
issn = "0021-9991",
doi = "http://dx.doi.org/10.1016/j.jcp.2014.07.006",
url = "http://www.sciencedirect.com/science/article/pii/S0021999114004860",
author = "Phanish Suryanarayana and Deepa Phanish",
keywords = "Augmented Lagrangian",
keywords = "Lagrange multiplier",
keywords = "Penalty",
keywords = "Higher-order finite-differences",
keywords = "Real-space",
keywords = "Non-periodic "
}
